@misc{FirefoxAddOnsStore,
  title = { Firefox ADD-ONS Store },
  howpublished = { \url{ https://addons.mozilla.org/it/firefox/ } }
}

@article{ReferenceArticle,
  author = { Nikolaos Pantelaios, Nick Nikiforakis, Alexandros Kapravelos },
  title = { Youâ€™ve Changed: Detecting Malicious Browser Extensionsthrough their Update Deltas },
  year =  { 2020 },
  DOI = { https://www.kapravelos.com/publications/extensiondeltas-CCS20.pdf }
}

@misc{Anomalize,
  title = { Anomalize package in R },
  howpublished = { \url{ https://cran.r-project.org/web/packages/anomalize/index.html } }
}

@article{GeneralizedExtremeStudentized,
  author = { Sudhir R Paul and Karen Y Fung },
  year = { 1991 },
  title = { A generalized extreme studentized residuals multiple-outlier-detection procedure in linear regression }
}
